@article{allen2008domestic,
  title={The domestic political costs of economic sanctions},
  author={Allen, Susan Hannah},
  journal={Journal of Conflict Resolution},
  volume={52},
  number={6},
  pages={916--944},
  year={2008},
  publisher={Sage Publications}
}

@article{ascherio1992effect,
  title={Effect of the Gulf War on infant and child mortality in Iraq},
  author={Ascherio, Alberto and Chase, Robert and Cote, Tim and Dehaes, Godelieave and Hoskins, Eric and Laaouej, Jilali and Passey, Megan and Qaderi, Saleh and Shuqaidef, Saher and Smith, Mary C and others},
  journal={New England Journal of Medicine},
  volume={327},
  number={13},
  pages={931--936},
  year={1992},
  publisher={Mass Medical Soc}
}

@article{baldwin2006sanctions,
  title={The sanctions debate and the logic of choice},
  author={Baldwin, David A},
  year={2006},
  publisher={MIT Press}
}

@article{barry2000effect,
  title={Effect of the US embargo and economic decline on health in Cuba},
  author={Barry, Michele},
  journal={Annals of internal medicine},
  volume={132},
  number={2},
  pages={151--154},
  year={2000},
  publisher={Am Coll Physicians}
}

@article{bogaards2012draw,
  title={Where to draw the line? From degree to dichotomy in measures of democracy},
  author={Bogaards, Matthijs},
  journal={Democratization},
  volume={19},
  number={4},
  pages={690--712},
  year={2012},
  publisher={Taylor \& Francis}
}

@article{bolks2000long,
  title={How long do economic sanctions last? Examining the sanctioning process through duration},
  author={Bolks, Sean M and Al-Sowayel, Dina},
  journal={Political Research Quarterly},
  volume={53},
  number={2},
  pages={241--265},
  year={2000},
  publisher={Sage Publications}
}

@article{cingranelli2010cingranelli,
  title={The Cingranelli and Richards (CIRI) human rights data project},
  author={Cingranelli, David L and Richards, David L},
  journal={Human Rights Quarterly},
  volume={32},
  number={2},
  pages={401--424},
  year={2010},
  publisher={The Johns Hopkins University Press}
}

@article{croissant2008panel,
  title={Panel data econometrics in R: The plm package},
  author={Croissant, Yves and Millo, Giovanni and others},
  journal={Journal of Statistical Software},
  volume={27},
  number={2},
  pages={1--43},
  year={2008}
}

@article{dashti1997determinants,
  title={On the determinants of the success of economic sanctions: An empirical analysis},
  author={Dashti-Gibson, Jaleh and Davis, Patricia and Radcliff, Benjamin},
  journal={American Journal of Political Science},
  pages={608--618},
  year={1997},
  publisher={JSTOR}
}

@article{dorussen2001ending,
  title={Ending Economic Sanctions Audience Costs and Rent-Seeking as Commitment Strategies},
  author={Dorussen, Han and Mo, Jongryn},
  journal={Journal of Conflict Resolution},
  volume={45},
  number={4},
  pages={395--426},
  year={2001},
  publisher={Sage Publications}
}

@article{drezner2000bargaining,
  title={Bargaining, enforcement, and multilateral sanctions: when is cooperation counterproductive?},
  author={Drezner, Daniel W},
  journal={International Organization},
  volume={54},
  number={01},
  pages={73--102},
  year={2000},
  publisher={Cambridge Univ Press}
}

@article{elliott1993effectiveness,
  title={The effectiveness of economic sanctions with application to the case of Iraq},
  author={Elliott, Kimberly Ann and Uimonen, Peter P},
  journal={Japan and the World Economy},
  volume={5},
  number={4},
  pages={403--409},
  year={1993},
  publisher={Elsevier}
}

@article{elliott1998sanctions,
  title={The Sanctions Glass: Half Full or Completely Empty?},
  author={Elliott, Kimberly Ann},
  journal={International Security},
  volume={23},
  number={1},
  pages={50--65},
  year={1998},
  publisher={MIT Press}
}

@article{garfield1995health,
  title={The health impact of economic sanctions.},
  author={Garfield, Richard and Devin, Julia and Fausey, Joy},
  journal={Bulletin of the New York academy of medicine},
  volume={72},
  number={2},
  pages={454},
  year={1995},
  publisher={New York Academy of Medicine}
}

@article{garfield1997impact,
  title={The impact of the economic crisis and the US embargo on health in Cuba.},
  author={Garfield, Richard and Santana, Sarah},
  journal={American Journal of Public Health},
  volume={87},
  number={1},
  pages={15--20},
  year={1997},
  publisher={American Public Health Association}
}

@article{garfield1999morbidity,
  title={Morbidity and Mortality among Iraqi children from 1990 through 1998: assessing the impact of the Gulf War and economic sanctions},
  author={Garfield, Richard},
  journal={London: Campaign Against Sanctions on Iraq},
  year={1999}
}

@article{gibbons1999impact,
  title={The impact of economic sanctions on health and human rights in Haiti, 1991-1994.},
  author={Gibbons, Elizabeth and Garfield, Richard},
  journal={American journal of public health},
  volume={89},
  number={10},
  pages={1499--1504},
  year={1999},
  publisher={American Public Health Association}
}

@article{hart2000democracy,
  title={Democracy and the successful use of economic sanctions},
  author={Hart, Robert A and others},
  journal={Political Research Quarterly},
  volume={53},
  number={2},
  pages={267--284},
  year={2000},
  publisher={Sage Publications}
}

@book{hufbauer1990economic,
  title={Economic sanctions reconsidered: History and current policy},
  author={Hufbauer, Gary Clyde and Schott, Jeffrey J and Elliott, Kimberly Ann},
  volume={1},
  year={1990},
  publisher={Peterson Institute}
}

@article{hufbauer1997us,
  title={US Economic Sanctions: Their Impact on Trade, Jobs, and Wages},
  author={Hufbauer, Gary Clyde and Elliott, Kimberly Ann and Cyrus, Tess and Winston, Elizabeth},
  journal={Institute for International Economics},
  pages={3},
  year={1997}
}

@article{klotz1995norms,
  title={Norms reconstituting interests: global racial equality and US sanctions against South Africa},
  author={Klotz, Audie},
  journal={International Organization},
  volume={49},
  number={03},
  pages={451--478},
  year={1995},
  publisher={Cambridge Univ Press}
}

@article{kuntz1994politics,
  title={The politics of suffering: the impact of the US embargo on the health of the Cuban people},
  author={Kuntz, Diane},
  journal={International Journal of Health Services},
  volume={24},
  number={1},
  pages={161--179},
  year={1994},
  publisher={Baywood}
}

@article{levy1999sanctions,
  title={Sanctions on South Africa: what did they do?},
  author={Levy, Philip I},
  journal={American Economic Review},
  pages={415--420},
  year={1999},
  publisher={JSTOR}
}

@article{lindsay1986trade,
  title={Trade sanctions as policy instruments: A re-examination},
  author={Lindsay, James M},
  journal={International Studies Quarterly},
  pages={153--173},
  year={1986},
  publisher={JSTOR}
}

@article{lopez1997economic,
  title={Economic sanctions and human rights: Part of the problem or part of the solution?},
  author={Lopez, George A and Cortright, David},
  journal={The International Journal of Human Rights},
  volume={1},
  number={2},
  pages={1--25},
  year={1997},
  publisher={Taylor \& Francis}
}

@article{marinov2005economic,
  title={Do economic sanctions destabilize country leaders?},
  author={Marinov, Nikolay},
  journal={American Journal of Political Science},
  volume={49},
  number={3},
  pages={564--576},
  year={2005},
  publisher={Wiley Online Library}
}

@article{marshall2002polity,
  title={Polity IV project: Political regime characteristics and transitions, 1800-2002},
  author={Marshall, Monty G and Jaggers, Keith},
  year={2002}
}

@article{mcgillivray2004political,
  title={Political institutions, coercive diplomacy, and the duration of economic sanctions},
  author={McGillivray, Fiona and Stam, Allan C},
  journal={Journal of Conflict Resolution},
  volume={48},
  number={2},
  pages={154--172},
  year={2004},
  publisher={Sage Publications}
}

@article{morgan1997fools,
  title={Fools suffer gladly: The use of economic sanctions in international crises},
  author={Morgan, T Clifton and Schwebach, Valerie L},
  journal={International Studies Quarterly},
  volume={41},
  number={1},
  pages={27--50},
  year={1997},
  publisher={Wiley Online Library}
}

@article{munck2002conceptualizing,
  title={Conceptualizing and measuring democracy Evaluating alternative indices},
  author={Munck, Gerardo L and Verkuilen, Jay},
  journal={Comparative political studies},
  volume={35},
  number={1},
  pages={5--34},
  year={2002},
  publisher={Sage Publications}
}

@article{norris2008driving,
  title={Driving Democracy},
  author={Norris, Pippa},
  journal={Do Power-Sharing Institutions Work},
  pages={29--50},
  year={2008}
}

@article{nossal1989international,
  title={International sanctions as international punishment},
  author={Nossal, Kim Richard},
  journal={International Organization},
  volume={43},
  number={02},
  pages={301--322},
  year={1989},
  publisher={Cambridge Univ Press}
}

@article{pape1997economic,
  title={Why economic sanctions do not work},
  author={Pape, Robert A},
  journal={International Security},
  volume={22},
  number={2},
  pages={90--136},
  year={1997},
  publisher={MIT Press}
}

@article{peksen2009better,
  title={Better or worse? The effect of economic sanctions on human rights},
  author={Peksen, Dursun},
  journal={Journal of Peace Research},
  volume={46},
  number={1},
  pages={59--77},
  year={2009},
  publisher={Sage Publications}
}

@article{peksen2009economic,
  title={Economic sanctions and political repression: Assessing the impact of coercive diplomacy on political freedoms},
  author={Peksen, Dursun and Drury, A Cooper},
  journal={Human Rights Review},
  volume={10},
  number={3},
  pages={393--411},
  year={2009},
  publisher={Springer}
}

@article{peksen2010coercive,
  title={Coercive or corrosive: The negative impact of economic sanctions on democracy},
  author={Peksen, Dursun and Drury, A Cooper},
  journal={International Interactions},
  volume={36},
  number={3},
  pages={240--264},
  year={2010},
  publisher={Taylor \& Francis}
}

@article{pdeksen2010coercive,
  title={Coercive diplomacy and press freedom: an empirical assessment of the impact of economic sanctions on media openness},
  author={Peksen, Dursun},
  journal={International Political Science Review},
  volume={31},
  number={4},
  pages={449--469},
  year={2010},
  publisher={Sage Publications}
}

@article{peksen2011economic,
  title={Economic Sanctions and Human Security: The Public Health Effect of Economic Sanctions},
  author={Peksen, Dursun},
  journal={Foreign Policy Analysis},
  volume={7},
  number={3},
  pages={237--251},
  year={2011},
  publisher={Wiley Online Library}
}

@article{pemstein2010democratic,
  title={Democratic compromise: A latent variable analysis of ten measures of regime type},
  author={Pemstein, Daniel and Meserve, Stephen A and Melton, James},
  journal={Political Analysis},
  volume={18},
  number={4},
  pages={426--449},
  year={2010},
  publisher={SPM-PMSAPSA}
}

@book{przeworski2000democracy,
  title={Democracy and development: political institutions and well-being in the world, 1950-1990},
  author={Przeworski, Adam},
  volume={3},
  year={2000},
  publisher={Cambridge University Press}
}

@article{ross2001does,
  title={Does oil hinder democracy?},
  author={Ross, Michael L},
  journal={World politics},
  volume={53},
  number={03},
  pages={325--361},
  year={2001},
  publisher={Cambridge Univ Press}
}

@article{smith1995success,
  title={The success and use of economic sanctions},
  author={Smith, Alastair},
  journal={International Interactions},
  volume={21},
  number={3},
  pages={229--245},
  year={1995},
  publisher={Taylor \& Francis}
}

@book{smith2005logic,
  title={The logic of political survival},
  author={Bueno de Mesquita, Bruce and Smith, Alastair and Siverson, Randolph M. and Morrow, James D.},
  year={2003},
  publisher={MIT press}
}

@article{treier2008democracy,
  title={Democracy as a latent variable},
  author={Treier, Shawn and Jackman, Simon},
  journal={American Journal of Political Science},
  volume={52},
  number={1},
  pages={201--217},
  year={2008},
  publisher={Wiley Online Library}
}

@article{tsebelis1990sanctions,
  title={Are sanctions effective? A game-theoretic analysis},
  author={Tsebelis, George},
  journal={Journal of Conflict Resolution},
  volume={34},
  number={1},
  pages={3--28},
  year={1990},
  publisher={Sage Publications}
}

@article{vreeland2008effect,
  title={The effect of political regime on civil war unpacking anocracy},
  author={Vreeland, James Raymond},
  journal={Journal of Conflict Resolution},
  volume={52},
  number={3},
  pages={401--425},
  year={2008},
  publisher={Sage Publications}
}

@article{wood2008hand,
  title={A Hand upon the Throat of the Nations: Economic Sanctions and State Repression, 1976--2001},
  author={Wood, Reed M},
  journal={International Studies Quarterly},
  volume={52},
  number={3},
  pages={489--513},
  year={2008},
  publisher={Wiley Online Library}
}

@inproceedings{hegre2001toward,
  title={Toward a democratic civil peace? Democracy, political change, and civil war, 1816--1992},
  author={Hegre, H{\aa}vard},
  booktitle={American Political Science Association},
  volume={95},
  number={01},
  pages={33--48},
  year={2001},
  organization={Cambridge Univ Press}
}

@article{fearon2003ethnicity,
  title={Ethnicity, insurgency, and civil war},
  author={Fearon, James D and Laitin, David D},
  journal={American political science review},
  volume={97},
  number={01},
  pages={75--90},
  year={2003},
  publisher={Cambridge Univ Press}
}

@article{diamond2013genetic,
  title={Genetic matching for estimating causal effects: A general multivariate matching method for achieving balance in observational studies},
  author={Diamond, Alexis and Sekhon, Jasjeet S},
  journal={Review of Economics and Statistics},
  volume={95},
  number={3},
  pages={932--945},
  year={2013},
  publisher={MIT Press}
}

@article{honaker2011amelia,
  title={Amelia II: A program for missing data},
  author={Honaker, James and King, Gary and Blackwell, Matthew and others},
  journal={Journal of Statistical Software},
  volume={45},
  number={7},
  pages={1--47},
  year={2011}
}

@article{keele2010overview,
  title={An overview of rbounds: An R package for Rosenbaum bounds sensitivity analysis with matched data},
  author={Keele, Luke},
  journal={White Paper. Columbus, OH},
  pages={1--15},
  year={2010},
  publisher={Citeseer}
}

@book{rosenbaum2002observational,
  title={Observational studies},
  author={Rosenbaum, Paul R},
  year={2002},
  publisher={Springer}
}